<?xml version="1.0" encoding="UTF-8"?><collection xmlns="http://www.loc.gov/MARC21/slim"><record><leader>00486nam--2200193-i-4500</leader><controlfield tag="001">000015844</controlfield><controlfield tag="002">20161230</controlfield><controlfield tag="005">20170303103211</controlfield><controlfield tag="008">060222s1000------------r-----000-0-rum-d</controlfield><datafield ind1=" " ind2=" " tag="040"><subfield code="a">IFIN-HH</subfield></datafield><datafield ind1=" " ind2=" " tag="041"><subfield code="a">rum</subfield></datafield><datafield ind1=" " ind2=" " tag="080"><subfield code="a">535</subfield></datafield><datafield ind1="1" ind2=" " tag="100"><subfield code="a">Moisil, George C</subfield></datafield><datafield ind1="1" ind2="0" tag="245"><subfield code="a">Optica teorie si aplicatii</subfield><subfield code="c">George c. moisil, eugen curatu</subfield></datafield><datafield ind1=" " ind2=" " tag="260"><subfield code="a">Bucuresti</subfield><subfield code="b">Editura Tehnica</subfield><subfield code="c">1986</subfield></datafield><datafield ind1=" " ind2=" " tag="300"><subfield code="a">524P</subfield></datafield><datafield ind1="1" ind2=" " tag="700"><subfield code="a">Curatu, Eugen</subfield></datafield><datafield ind1=" " ind2=" " tag="852"><subfield code="a">73215</subfield><subfield code="c">535</subfield></datafield><datafield ind1=" " ind2=" " tag="CAT"><subfield code="a">SYS</subfield><subfield code="c">20170303</subfield><subfield code="h">103211</subfield></datafield></record></collection>